
@article{stone2008accelerating,
  title={Accelerating advanced {MRI} reconstructions on {GPU}s},
  author={Stone, Sam S and Haldar, Justin P and Tsao, Stephanie C and Sutton, BP and Liang, Z-P and others},
  journal={Journal of parallel and distributed computing},
  volume={68},
  number={10},
  pages={1307--1318},
  year={2008},
  publisher={Elsevier}
}
@article{stratton2012parboil,
  title={Parboil: A revised benchmark suite for scientific and commercial throughput computing},
  author={Stratton, John A and Rodrigues, Christopher and Sung, I-Jui and Obeid, Nady and Chang, Li-Wen and Anssari, Nasser and Liu, Geng Daniel and Hwu, Wen-mei W},
  journal={Center for Reliable and High-Performance Computing},
  volume={127},
  year={2012}
}
@misc{Rub1,
 author = {The impact research group },
 editor = {{}},
 title = {Parboil benchmarks},
 note = "Available at \url{http://impact.crhc.illinois.edu/parboil/parboil.aspx}",
 lastchecked = {},
 originalyear = {}
}

@misc{Rub2,
 author = {Parboil benchmark },
 editor = {{}},
 title = {Parboil benchmark github},
 note = "Available at \url{https://github.com/abduld/Parboil}",
 lastchecked = {},
 originalyear = {}
}

@misc{esp1,
 author = {sld-esp-Columbia},
 editor = {{}},
 title = {How to design a signal core {SoC}},
 note = "Available at \url{https://www.esp.cs.columbia.edu/docs/singlecore/}",
 lastchecked = {},
 originalyear = {}
}

@misc{esp2,
 author = {sld-esp-Columbia},
 editor = {{}},
 title = {How to design an accelerator in {SystemC}},
 note = "Available at \url{https://www.esp.cs.columbia.edu/docs/systemc_acc/}",
 lastchecked = {},
 originalyear = {}
}
