
@article{stone2008accelerating,
  title={Accelerating advanced {MRI} reconstructions on {GPU}s},
  author={Stone, Sam S and Haldar, Justin P and Tsao, Stephanie C and Sutton, BP and Liang, Z-P and others},
  journal={Journal of parallel and distributed computing},
  volume={68},
  number={10},
  pages={1307--1318},
  year={2008},
  publisher={Elsevier}
}
@article{stratton2012parboil,
  title={Parboil: A revised benchmark suite for scientific and commercial throughput computing},
  author={Stratton, John A and Rodrigues, Christopher and Sung, I-Jui and Obeid, Nady and Chang, Li-Wen and Anssari, Nasser and Liu, Geng Daniel and Hwu, Wen-mei W},
  journal={Center for Reliable and High-Performance Computing},
  volume={127},
  year={2012}
}

@misc{esp-website,
author = "{Columbia SLD Group}",
title = {{ESP}},
howpublished={{\scriptsize \url{www.esp.cs.columbia.edu}}},
year={2021}
}

@software{esp-release,
author       = {Paolo Mantovani and
Davide Giri and
Joseph Zuckerman and
Schuyler Eldridge and
Luca Piccolboni and
Giuseppe Di Guglielmo and
John-David Wellman and
Gabriele Tombesi and
Juan Escobedo and
Maico Cassel Santos and
Luca P. Carloni},
title        = {sld-columbia/esp: 2021.1.1},
month        = apr,
year         = 2021,
publisher    = {Zenodo},
version      = {2021.1.1},
doi          = {10.5281/zenodo.4686096},
url          = {https://doi.org/10.5281/zenodo.4686096}
}
